<record><leader>00000cas a22000007a 4500</leader><controlfield tag="001">1715582</controlfield><controlfield tag="008">751019d19041985msuwr ne      0    0eng d</controlfield><datafield ind1=" " ind2=" " tag="010"><subfield code="a">sn 84024271 </subfield></datafield><datafield ind1=" " ind2=" " tag="040"><subfield code="a">MUL</subfield><subfield code="b">eng</subfield><subfield code="c">MUL</subfield><subfield code="d">NPV</subfield><subfield code="d">MSJ</subfield><subfield code="d">NJW</subfield><subfield code="d">MSJ</subfield><subfield code="d">DLC</subfield><subfield code="d">OCLCF</subfield></datafield><datafield ind1="1" ind2=" " tag="029"><subfield code="a">AU@</subfield><subfield code="b">000025830824</subfield></datafield><datafield ind1=" " ind2=" " tag="042"><subfield code="a">msc</subfield></datafield><datafield ind1="0" ind2=" " tag="130"><subfield code="a">Lexington advertiser (Lexington, Miss. : 1904)</subfield></datafield><datafield ind1="0" ind2="4" tag="245"><subfield code="a">The Lexington advertiser.</subfield></datafield><datafield ind1="1" ind2=" " tag="246"><subfield code="i">Issues for November 22-December 21, 1906 have title:</subfield><subfield code="a">Times-advertiser</subfield></datafield><datafield ind1="0" ind2="0" tag="246"><subfield code="a">Times advertiser</subfield></datafield><datafield ind1=" " ind2=" " tag="260"><subfield code="a">Lexington, Miss. :</subfield><subfield code="b">Advertiser Pub. Co.,</subfield><subfield code="c">1904-</subfield></datafield><datafield ind1=" " ind2=" " tag="300"><subfield code="a">v. ;</subfield><subfield code="b">ill. :</subfield><subfield code="c">58 cm.</subfield></datafield><datafield ind1=" " ind2=" " tag="310"><subfield code="a">Weekly</subfield></datafield><datafield ind1="0" ind2=" " tag="362"><subfield code="a">Vol. 66, no. 40 (Jan. 7, 1904)-</subfield></datafield><datafield ind1="1" ind2=" " tag="362"><subfield code="a">Ceased with Sept. 17, 1985 issue.</subfield></datafield><datafield ind1=" " ind2=" " tag="500"><subfield code="a">"Principles and men: Truth--the weapon we use in their defense."</subfield></datafield><datafield ind1=" " ind2=" " tag="500"><subfield code="a">For a short period published as: Times-advertiser.</subfield></datafield><datafield ind1=" " ind2=" " tag="500"><subfield code="a">Special "Anniversary edition" published Dec. 1937.</subfield></datafield><datafield ind1=" " ind2=" " tag="500"><subfield code="a">Editor: &lt;1942-1985&gt;, Hazel Brannon Smith.</subfield></datafield><datafield ind1=" " ind2="0" tag="651"><subfield code="a">Lexington (Miss.)</subfield><subfield code="v">Newspapers.</subfield></datafield><datafield ind1=" " ind2="7" tag="655"><subfield code="a">Newspapers.</subfield><subfield code="2">fast</subfield><subfield code="0">(OCoLC)fst01423814</subfield></datafield><datafield ind1=" " ind2="7" tag="651"><subfield code="a">Mississippi</subfield><subfield code="z">Lexington.</subfield><subfield code="2">fast</subfield><subfield code="0">(OCoLC)fst01219942</subfield></datafield><datafield ind1="1" ind2=" " tag="700"><subfield code="a">Smith, Hazel Brannon.</subfield></datafield><datafield ind1=" " ind2=" " tag="752"><subfield code="a">United States</subfield><subfield code="b">Mississippi</subfield><subfield code="c">Holmes</subfield><subfield code="d">Lexington.</subfield></datafield><datafield ind1="0" ind2="0" tag="780"><subfield code="t">Progress-advertiser</subfield><subfield code="w">(DLC)sn 87065338</subfield><subfield code="w">(OCoLC)15610723</subfield></datafield><datafield ind1="0" ind2="5" tag="780"><subfield code="t">Holmes County times</subfield><subfield code="g">November 22, 1906</subfield><subfield code="w">(DLC)sn 87065334</subfield><subfield code="w">(OCoLC)15610833</subfield></datafield></record>